<record><leader>00000cas a22000007a 4500</leader><controlfield tag="001">17415355</controlfield><controlfield tag="008">880201d18841901ohuwr ne      0    0eng d</controlfield><datafield ind1=" " ind2=" " tag="010"><subfield code="a">sn 88078232 </subfield></datafield><datafield ind1=" " ind2=" " tag="040"><subfield code="a">ONP</subfield><subfield code="b">eng</subfield><subfield code="c">ONP</subfield><subfield code="d">OCLCQ</subfield></datafield><datafield ind1=" " ind2=" " tag="042"><subfield code="a">msc</subfield></datafield><datafield ind1="0" ind2=" " tag="130"><subfield code="a">Democratic standard (Cohsocton, Ohio : 1884)</subfield></datafield><datafield ind1="1" ind2="4" tag="245"><subfield code="a">The Democratic standard.</subfield></datafield><datafield ind1=" " ind2=" " tag="260"><subfield code="a">Coshcoton, Ohio :</subfield><subfield code="b">Beach &amp; McCabe,</subfield><subfield code="c">1884-1901.</subfield></datafield><datafield ind1=" " ind2=" " tag="300"><subfield code="a">v.</subfield></datafield><datafield ind1=" " ind2=" " tag="310"><subfield code="a">Weekly</subfield></datafield><datafield ind1="0" ind2=" " tag="362"><subfield code="a">Vol. 4, no. 37 (Jan. 5, 1884)-v. 23, no. 43 (Dec. 27, 1901).</subfield></datafield><datafield ind1=" " ind2=" " tag="752"><subfield code="a">United States</subfield><subfield code="b">Ohio</subfield><subfield code="c">Coshocton</subfield><subfield code="d">Coshocton.</subfield></datafield><datafield ind1="0" ind2="0" tag="780"><subfield code="t">Democratic standard-commonwealth (Coshocton, Ohio)</subfield><subfield code="w">(DLC)sn 88078230</subfield></datafield><datafield ind1="0" ind2="7" tag="785"><subfield code="t">Coshocton Democrat (Coshocton, Ohio : 1861)</subfield><subfield code="w">(DLC)sn 83035543</subfield></datafield><datafield ind1="0" ind2="7" tag="785"><subfield code="t">Democrat and standard (Coshocton, Ohio)</subfield><subfield code="w">(DLC)sn 88078233</subfield></datafield></record>